@string(PAMI = {IEEE Trans. Pattern Anal. Mach. Intell.})
@string(IJCV = {Int. J. Comput. Vis.})
@string(CVPR= {IEEE Conf. Comput. Vis. Pattern Recog.})
@string(ICCV= {Int. Conf. Comput. Vis.})
@string(ECCV= {Eur. Conf. Comput. Vis.})
@string(NIPS= {Adv. Neural Inform. Process. Syst.})
@string(ICPR = {Int. Conf. Pattern Recog.})
@string(BMVC= {Brit. Mach. Vis. Conf.})
@string(TOG= {ACM Trans. Graph.})
@string(TIP  = {IEEE Trans. Image Process.})
@string(TVCG  = {IEEE Trans. Vis. Comput. Graph.})
@string(TMM  = {IEEE Trans. Multimedia})
@string(ACMMM= {ACM Int. Conf. Multimedia})
@string(ICME = {Int. Conf. Multimedia and Expo})
@string(ICASSP=	{ICASSP})
@string(ICIP = {IEEE Int. Conf. Image Process.})
@string(ACCV  = {ACCV})
@string(ICLR = {Int. Conf. Learn. Represent.})
@string(IJCAI = {IJCAI})
@string(PR   = {Pattern Recognition})
@string(AAAI = {AAAI})
@string(CVPRW= {IEEE Conf. Comput. Vis. Pattern Recog. Worksh.})
@string(CSVT = {IEEE Trans. Circuit Syst. Video Technol.})
@string(SPL	= {IEEE Sign. Process. Letters})
@string(VR   = {Vis. Res.})
@string(JOV	 = {J. Vis.})
@string(TVC  = {The Vis. Comput.})
@string(JCST  = {J. Comput. Sci. Tech.})
@string(CGF  = {Comput. Graph. Forum})
@string(CVM = {Computational Visual Media})
@string(PAMI  = {IEEE TPAMI})
@string(IJCV  = {IJCV})
@string(CVPR  = {CVPR})
@string(ICCV  = {ICCV})
@string(ECCV  = {ECCV})
@string(NIPS  = {NeurIPS})
@string(ICPR  = {ICPR})
@string(BMVC  =	{BMVC})
@string(TOG   = {ACM TOG})
@string(TIP   = {IEEE TIP})
@string(TVCG  = {IEEE TVCG})
@string(TCSVT = {IEEE TCSVT})
@string(TMM   =	{IEEE TMM})
@string(ACMMM = {ACM MM})
@string(ICME  =	{ICME})
@string(ICASSP=	{ICASSP})
@string(ICIP  = {ICIP})
@string(ACCV  = {ACCV})
@string(ICLR  = {ICLR})
@string(IJCAI = {IJCAI})
@string(PR = {PR})
@string(AAAI = {AAAI})
@string(CVPRW= {CVPRW})
@string(CSVT = {IEEE TCSVT})

# =============================== Refs sota

@article{barber2004algorithm,
  title={The im algorithm: a variational approach to information maximization},
  author={Barber, David and Agakov, Felix},
  journal={Advances in neural information processing systems},
  volume={16},
  number={320},
  pages={201},
  year={2004}
}

@inproceedings{DBLP:conf/eccv/PassalisT18,
  author       = {Nikolaos Passalis and
                  Anastasios Tefas},
  editor       = {Vittorio Ferrari and
                  Martial Hebert and
                  Cristian Sminchisescu and
                  Yair Weiss},
  title        = {Learning Deep Representations with Probabilistic Knowledge Transfer},
  booktitle    = {Computer Vision - {ECCV} 2018 - 15th European Conference, Munich,
                  Germany, September 8-14, 2018, Proceedings, Part {XI}},
  series       = {Lecture Notes in Computer Science},
  volume       = {11215},
  pages        = {283--299},
  publisher    = {Springer},
  year         = {2018},
  url          = {https://doi.org/10.1007/978-3-030-01252-6\_17},
  doi          = {10.1007/978-3-030-01252-6\_17},
  timestamp    = {Tue, 14 May 2019 10:00:45 +0200},
  biburl       = {https://dblp.org/rec/conf/eccv/PassalisT18.bib},
  bibsource    = {dblp computer science bibliography, https://dblp.org}
}

@article{DBLP:journals/corr/GatysEB15a,
  author       = {Leon A. Gatys and
                  Alexander S. Ecker and
                  Matthias Bethge},
  title        = {A Neural Algorithm of Artistic Style},
  journal      = {CoRR},
  volume       = {abs/1508.06576},
  year         = {2015},
  url          = {http://arxiv.org/abs/1508.06576},
  eprinttype    = {arXiv},
  eprint       = {1508.06576},
  timestamp    = {Thu, 14 Oct 2021 09:16:23 +0200},
  biburl       = {https://dblp.org/rec/journals/corr/GatysEB15a.bib},
  bibsource    = {dblp computer science bibliography, https://dblp.org}
}

@inproceedings{DBLP:conf/cvpr/YimJBK17,
  author       = {Junho Yim and
                  Donggyu Joo and
                  Ji{-}Hoon Bae and
                  Junmo Kim},
  title        = {A Gift from Knowledge Distillation: Fast Optimization, Network Minimization
                  and Transfer Learning},
  booktitle    = {2017 {IEEE} Conference on Computer Vision and Pattern Recognition,
                  {CVPR} 2017, Honolulu, HI, USA, July 21-26, 2017},
  pages        = {7130--7138},
  publisher    = {{IEEE} Computer Society},
  year         = {2017},
  url          = {https://doi.org/10.1109/CVPR.2017.754},
  doi          = {10.1109/CVPR.2017.754},
  timestamp    = {Fri, 24 Mar 2023 00:02:57 +0100},
  biburl       = {https://dblp.org/rec/conf/cvpr/YimJBK17.bib},
  bibsource    = {dblp computer science bibliography, https://dblp.org}
}

@inproceedings{DBLP:conf/nips/BergstraBBK11,
  author       = {James Bergstra and
                  R{\'{e}}mi Bardenet and
                  Yoshua Bengio and
                  Bal{\'{a}}zs K{\'{e}}gl},
  editor       = {John Shawe{-}Taylor and
                  Richard S. Zemel and
                  Peter L. Bartlett and
                  Fernando C. N. Pereira and
                  Kilian Q. Weinberger},
  title        = {Algorithms for Hyper-Parameter Optimization},
  booktitle    = {Advances in Neural Information Processing Systems 24: 25th Annual
                  Conference on Neural Information Processing Systems 2011. Proceedings
                  of a meeting held 12-14 December 2011, Granada, Spain},
  pages        = {2546--2554},
  year         = {2011},
  url          = {https://proceedings.neurips.cc/paper/2011/hash/86e8f7ab32cfd12577bc2619bc635690-Abstract.html},
  timestamp    = {Mon, 16 May 2022 15:41:51 +0200},
  biburl       = {https://dblp.org/rec/conf/nips/BergstraBBK11.bib},
  bibsource    = {dblp computer science bibliography, https://dblp.org}
}

@inproceedings{DBLP:conf/cvpr/TanCPVSHL19,
  author       = {Mingxing Tan and
                  Bo Chen and
                  Ruoming Pang and
                  Vijay Vasudevan and
                  Mark Sandler and
                  Andrew Howard and
                  Quoc V. Le},
  title        = {MnasNet: Platform-Aware Neural Architecture Search for Mobile},
  booktitle    = {{IEEE} Conference on Computer Vision and Pattern Recognition, {CVPR}
                  2019, Long Beach, CA, USA, June 16-20, 2019},
  pages        = {2820--2828},
  publisher    = {Computer Vision Foundation / {IEEE}},
  year         = {2019},
  url          = {http://openaccess.thecvf.com/content\_CVPR\_2019/html/Tan\_MnasNet\_Platform-Aware\_Neural\_Architecture\_Search\_for\_Mobile\_CVPR\_2019\_paper.html},
  doi          = {10.1109/CVPR.2019.00293},
  timestamp    = {Mon, 30 Aug 2021 17:01:14 +0200},
  biburl       = {https://dblp.org/rec/conf/cvpr/TanCPVSHL19.bib},
  bibsource    = {dblp computer science bibliography, https://dblp.org}
}

@inproceedings{DBLP:conf/iclr/XieZLL19,
  author       = {Sirui Xie and
                  Hehui Zheng and
                  Chunxiao Liu and
                  Liang Lin},
  title        = {{SNAS:} stochastic neural architecture search},
  booktitle    = {7th International Conference on Learning Representations, {ICLR} 2019,
                  New Orleans, LA, USA, May 6-9, 2019},
  publisher    = {OpenReview.net},
  year         = {2019},
  url          = {https://openreview.net/forum?id=rylqooRqK7},
  timestamp    = {Thu, 25 Jul 2019 14:25:57 +0200},
  biburl       = {https://dblp.org/rec/conf/iclr/XieZLL19.bib},
  bibsource    = {dblp computer science bibliography, https://dblp.org}
}

@inproceedings{DBLP:conf/icml/RealMSSSTLK17,
  author       = {Esteban Real and
                  Sherry Moore and
                  Andrew Selle and
                  Saurabh Saxena and
                  Yutaka I. Leon{-}Suematsu and
                  Jie Tan and
                  Quoc V. Le and
                  Alexey Kurakin},
  editor       = {Doina Precup and
                  Yee Whye Teh},
  title        = {Large-Scale Evolution of Image Classifiers},
  booktitle    = {Proceedings of the 34th International Conference on Machine Learning,
                  {ICML} 2017, Sydney, NSW, Australia, 6-11 August 2017},
  series       = {Proceedings of Machine Learning Research},
  volume       = {70},
  pages        = {2902--2911},
  publisher    = {{PMLR}},
  year         = {2017},
  url          = {http://proceedings.mlr.press/v70/real17a.html},
  timestamp    = {Tue, 04 Oct 2022 16:44:59 +0200},
  biburl       = {https://dblp.org/rec/conf/icml/RealMSSSTLK17.bib},
  bibsource    = {dblp computer science bibliography, https://dblp.org}
}


@inproceedings{DBLP:conf/iclr/ZophL17,
  author       = {Barret Zoph and
                  Quoc V. Le},
  title        = {Neural Architecture Search with Reinforcement Learning},
  booktitle    = {5th International Conference on Learning Representations, {ICLR} 2017,
                  Toulon, France, April 24-26, 2017, Conference Track Proceedings},
  publisher    = {OpenReview.net},
  year         = {2017},
  url          = {https://openreview.net/forum?id=r1Ue8Hcxg},
  timestamp    = {Thu, 04 Apr 2019 13:20:08 +0200},
  biburl       = {https://dblp.org/rec/conf/iclr/ZophL17.bib},
  bibsource    = {dblp computer science bibliography, https://dblp.org}
}

@inproceedings{DBLP:conf/iclr/XuX0CQ0X20,
  author       = {Yuhui Xu and
                  Lingxi Xie and
                  Xiaopeng Zhang and
                  Xin Chen and
                  Guo{-}Jun Qi and
                  Qi Tian and
                  Hongkai Xiong},
  title        = {{PC-DARTS:} Partial Channel Connections for Memory-Efficient Architecture
                  Search},
  booktitle    = {8th International Conference on Learning Representations, {ICLR} 2020,
                  Addis Ababa, Ethiopia, April 26-30, 2020},
  publisher    = {OpenReview.net},
  year         = {2020},
  url          = {https://openreview.net/forum?id=BJlS634tPr},
  timestamp    = {Tue, 15 Sep 2020 18:57:34 +0200},
  biburl       = {https://dblp.org/rec/conf/iclr/XuX0CQ0X20.bib},
  bibsource    = {dblp computer science bibliography, https://dblp.org}
}

@inproceedings{DBLP:conf/iclr/LiuSY19,
  author       = {Hanxiao Liu and
                  Karen Simonyan and
                  Yiming Yang},
  title        = {{DARTS:} Differentiable Architecture Search},
  booktitle    = {7th International Conference on Learning Representations, {ICLR} 2019,
                  New Orleans, LA, USA, May 6-9, 2019},
  publisher    = {OpenReview.net},
  year         = {2019},
  url          = {https://openreview.net/forum?id=S1eYHoC5FX},
  timestamp    = {Thu, 25 Jul 2019 14:25:55 +0200},
  biburl       = {https://dblp.org/rec/conf/iclr/LiuSY19.bib},
  bibsource    = {dblp computer science bibliography, https://dblp.org}
}

@inproceedings{DBLP:conf/cvpr/LiuCSAHY019,
  author       = {Chenxi Liu and
                  Liang{-}Chieh Chen and
                  Florian Schroff and
                  Hartwig Adam and
                  Wei Hua and
                  Alan L. Yuille and
                  Li Fei{-}Fei},
  title        = {Auto-DeepLab: Hierarchical Neural Architecture Search for Semantic
                  Image Segmentation},
  booktitle    = {{IEEE} Conference on Computer Vision and Pattern Recognition, {CVPR}
                  2019, Long Beach, CA, USA, June 16-20, 2019},
  pages        = {82--92},
  publisher    = {Computer Vision Foundation / {IEEE}},
  year         = {2019},
  url          = {http://openaccess.thecvf.com/content\_CVPR\_2019/html/Liu\_Auto-DeepLab\_Hierarchical\_Neural\_Architecture\_Search\_for\_Semantic\_Image\_Segmentation\_CVPR\_2019\_paper.html},
  doi          = {10.1109/CVPR.2019.00017},
  timestamp    = {Thu, 14 Oct 2021 10:24:57 +0200},
  biburl       = {https://dblp.org/rec/conf/cvpr/LiuCSAHY019.bib},
  bibsource    = {dblp computer science bibliography, https://dblp.org}
}

@article{elsken2019neural,
  title={Neural architecture search: A survey},
  author={Elsken, Thomas and Metzen, Jan Hendrik and Hutter, Frank},
  journal={The Journal of Machine Learning Research},
  volume={20},
  number={1},
  pages={1997--2017},
  year={2019},
  publisher={JMLR. org}
}

@article{DBLP:journals/corr/abs-2301-08727,
  author       = {Colin White and
                  Mahmoud Safari and
                  Rhea Sukthanker and
                  Binxin Ru and
                  Thomas Elsken and
                  Arber Zela and
                  Debadeepta Dey and
                  Frank Hutter},
  title        = {Neural Architecture Search: Insights from 1000 Papers},
  journal      = {CoRR},
  volume       = {abs/2301.08727},
  year         = {2023},
  url          = {https://doi.org/10.48550/arXiv.2301.08727},
  doi          = {10.48550/arXiv.2301.08727},
  eprinttype    = {arXiv},
  eprint       = {2301.08727},
  timestamp    = {Thu, 26 Jan 2023 15:26:31 +0100},
  biburl       = {https://dblp.org/rec/journals/corr/abs-2301-08727.bib},
  bibsource    = {dblp computer science bibliography, https://dblp.org}
}

@article{DBLP:journals/corr/MiikkulainenLMR17,
  author       = {Risto Miikkulainen and
                  Jason Zhi Liang and
                  Elliot Meyerson and
                  Aditya Rawal and
                  Daniel Fink and
                  Olivier Francon and
                  Bala Raju and
                  Hormoz Shahrzad and
                  Arshak Navruzyan and
                  Nigel Duffy and
                  Babak Hodjat},
  title        = {Evolving Deep Neural Networks},
  journal      = {CoRR},
  volume       = {abs/1703.00548},
  year         = {2017},
  url          = {http://arxiv.org/abs/1703.00548},
  eprinttype    = {arXiv},
  eprint       = {1703.00548},
  timestamp    = {Fri, 03 Feb 2023 15:22:46 +0100},
  biburl       = {https://dblp.org/rec/journals/corr/MiikkulainenLMR17.bib},
  bibsource    = {dblp computer science bibliography, https://dblp.org}
}

@inproceedings{DBLP:conf/cvpr/HuSS18,
  author       = {Jie Hu and
                  Li Shen and
                  Gang Sun},
  title        = {Squeeze-and-Excitation Networks},
  booktitle    = {2018 {IEEE} Conference on Computer Vision and Pattern Recognition,
                  {CVPR} 2018, Salt Lake City, UT, USA, June 18-22, 2018},
  pages        = {7132--7141},
  publisher    = {Computer Vision Foundation / {IEEE} Computer Society},
  year         = {2018},
  url          = {http://openaccess.thecvf.com/content\_cvpr\_2018/html/Hu\_Squeeze-and-Excitation\_Networks\_CVPR\_2018\_paper.html},
  doi          = {10.1109/CVPR.2018.00745},
  timestamp    = {Fri, 24 Mar 2023 00:03:00 +0100},
  biburl       = {https://dblp.org/rec/conf/cvpr/HuSS18.bib},
  bibsource    = {dblp computer science bibliography, https://dblp.org}
}

@inproceedings{DBLP:conf/iccv/HowardPALSCWCTC19,
  author       = {Andrew Howard and
                  Ruoming Pang and
                  Hartwig Adam and
                  Quoc V. Le and
                  Mark Sandler and
                  Bo Chen and
                  Weijun Wang and
                  Liang{-}Chieh Chen and
                  Mingxing Tan and
                  Grace Chu and
                  Vijay Vasudevan and
                  Yukun Zhu},
  title        = {Searching for MobileNetV3},
  booktitle    = {2019 {IEEE/CVF} International Conference on Computer Vision, {ICCV}
                  2019, Seoul, Korea (South), October 27 - November 2, 2019},
  pages        = {1314--1324},
  publisher    = {{IEEE}},
  year         = {2019},
  url          = {https://doi.org/10.1109/ICCV.2019.00140},
  doi          = {10.1109/ICCV.2019.00140},
  timestamp    = {Thu, 27 May 2021 16:20:51 +0200},
  biburl       = {https://dblp.org/rec/conf/iccv/HowardPALSCWCTC19.bib},
  bibsource    = {dblp computer science bibliography, https://dblp.org}
}

# =============================== Refs chapitre 1

@article{jumper2021highly,
  title={Highly accurate protein structure prediction with AlphaFold},
  author={Jumper, John and Evans, Richard and Pritzel, Alexander and Green, Tim and Figurnov, Michael and Ronneberger, Olaf and Tunyasuvunakool, Kathryn and Bates, Russ and {\v{Z}}{\'\i}dek, Augustin and Potapenko, Anna and others},
  journal={Nature},
  volume={596},
  number={7873},
  pages={583--589},
  year={2021},
  publisher={Nature Publishing Group UK London}
}
@article{silver2016mastering,
  title={Mastering the game of Go with deep neural networks and tree search},
  author={Silver, David and Huang, Aja and Maddison, Chris J and Guez, Arthur and Sifre, Laurent and Van Den Driessche, George and Schrittwieser, Julian and Antonoglou, Ioannis and Panneershelvam, Veda and Lanctot, Marc and others},
  journal={nature},
  volume={529},
  number={7587},
  pages={484--489},
  year={2016},
  publisher={Nature Publishing Group}
}
@article{silver2018general,
  title={A general reinforcement learning algorithm that masters chess, shogi, and Go through self-play},
  author={Silver, David and Hubert, Thomas and Schrittwieser, Julian and Antonoglou, Ioannis and Lai, Matthew and Guez, Arthur and Lanctot, Marc and Sifre, Laurent and Kumaran, Dharshan and Graepel, Thore and others},
  journal={Science},
  volume={362},
  number={6419},
  pages={1140--1144},
  year={2018},
  publisher={American Association for the Advancement of Science}
}

@inproceedings{DBLP:conf/cvpr/HeZRS16,
	title        = {Deep Residual Learning for Image Recognition},
	author       = {Kaiming He and Xiangyu Zhang and Shaoqing Ren and Jian Sun},
	year         = 2016,
	booktitle    = {2016 {IEEE} Conference on Computer Vision and Pattern Recognition, {CVPR} 2016, Las Vegas, NV, USA, June 27-30, 2016},
	publisher    = {{IEEE} Computer Society},
	pages        = {770--778},
	doi          = {10.1109/CVPR.2016.90},
	url          = {https://doi.org/10.1109/CVPR.2016.90},
	timestamp    = {Wed, 16 Oct 2019 14:14:50 +0200},
	biburl       = {https://dblp.org/rec/conf/cvpr/HeZRS16.bib},
	bibsource    = {dblp computer science bibliography, https://dblp.org}
}
@inproceedings{DBLP:conf/cvpr/SzegedyLJSRAEVR15,
	title        = {Going deeper with convolutions},
	author       = {Christian Szegedy and Wei Liu and Yangqing Jia and Pierre Sermanet and Scott E. Reed and Dragomir Anguelov and Dumitru Erhan and Vincent Vanhoucke and Andrew Rabinovich},
	year         = 2015,
	booktitle    = {{IEEE} Conference on Computer Vision and Pattern Recognition, {CVPR} 2015, Boston, MA, USA, June 7-12, 2015},
	publisher    = {{IEEE} Computer Society},
	pages        = {1--9},
	doi          = {10.1109/CVPR.2015.7298594},
	url          = {https://doi.org/10.1109/CVPR.2015.7298594},
	timestamp    = {Wed, 16 Oct 2019 14:14:50 +0200},
	biburl       = {https://dblp.org/rec/conf/cvpr/SzegedyLJSRAEVR15.bib},
	bibsource    = {dblp computer science bibliography, https://dblp.org}
}
@inproceedings{DBLP:conf/icnn/HassibiSW93,
	title        = {Optimal Brain Surgeon and general network pruning},
	author       = {Babak Hassibi and David G. Stork and Gregory J. Wolff},
	year         = 1993,
	booktitle    = {Proceedings of International Conference on Neural Networks (ICNN'88), San Francisco, CA, USA, March 28 - April 1, 1993},
	publisher    = {{IEEE}},
	pages        = {293--299},
	doi          = {10.1109/ICNN.1993.298572},
	url          = {https://doi.org/10.1109/ICNN.1993.298572},
	timestamp    = {Wed, 04 Sep 2019 08:33:27 +0200},
	biburl       = {https://dblp.org/rec/conf/icnn/HassibiSW93.bib},
	bibsource    = {dblp computer science bibliography, https://dblp.org}
}
@inproceedings{DBLP:conf/nips/CunDS89,
	title        = {Optimal Brain Damage},
	author       = {Yann LeCun and John S. Denker and Sara A. Solla},
	year         = 1989,
	booktitle    = {Advances in Neural Information Processing Systems 2, {[NIPS} Conference, Denver, Colorado, USA, November 27-30, 1989]},
	publisher    = {Morgan Kaufmann},
	pages        = {598--605},
	url          = {http://papers.nips.cc/paper/250-optimal-brain-damage},
	editor       = {David S. Touretzky},
	timestamp    = {Mon, 16 May 2022 15:41:51 +0200},
	biburl       = {https://dblp.org/rec/conf/nips/CunDS89.bib},
	bibsource    = {dblp computer science bibliography, https://dblp.org}
}
s
@inproceedings{DBLP:conf/nips/HassibiS92,
	title        = {Second Order Derivatives for Network Pruning: Optimal Brain Surgeon},
	author       = {Babak Hassibi and David G. Stork},
	year         = 1992,
	booktitle    = {Advances in Neural Information Processing Systems 5, {[NIPS} Conference, Denver, Colorado, USA, November 30 - December 3, 1992]},
	publisher    = {Morgan Kaufmann},
	pages        = {164--171},
	url          = {http://papers.nips.cc/paper/647-second-order-derivatives-for-network-pruning-optimal-brain-surgeon},
	editor       = {Stephen Jose Hanson and Jack D. Cowan and C. Lee Giles},
	timestamp    = {Mon, 16 May 2022 15:41:51 +0200},
	biburl       = {https://dblp.org/rec/conf/nips/HassibiS92.bib},
	bibsource    = {dblp computer science bibliography, https://dblp.org}
}
@inproceedings{DBLP:conf/nips/HassibiSW93,
	title        = {Optimal Brain Surgeon: Extensions and performance comparison},
	author       = {Babak Hassibi and David G. Stork and Gregory J. Wolff},
	year         = 1993,
	booktitle    = {Advances in Neural Information Processing Systems 6, [7th {NIPS} Conference, Denver, Colorado, USA, 1993]},
	publisher    = {Morgan Kaufmann},
	pages        = {263--270},
	url          = {http://papers.nips.cc/paper/749-optimal-brain-surgeon-extensions-and-performance-comparisons},
	editor       = {Jack D. Cowan and Gerald Tesauro and Joshua Alspector},
	timestamp    = {Mon, 16 May 2022 15:41:51 +0200},
	biburl       = {https://dblp.org/rec/conf/nips/HassibiSW93.bib},
	bibsource    = {dblp computer science bibliography, https://dblp.org}
}
@inproceedings{DBLP:conf/nips/KrizhevskySH12,
	title        = {ImageNet Classification with Deep Convolutional Neural Networks},
	author       = {Alex Krizhevsky and Ilya Sutskever and Geoffrey E. Hinton},
	year         = 2012,
	booktitle    = {Advances in Neural Information Processing Systems 25: 26th Annual Conference on Neural Information Processing Systems 2012. Proceedings of a meeting held December 3-6, 2012, Lake Tahoe, Nevada, United States},
	pages        = {1106--1114},
	url          = {https://proceedings.neurips.cc/paper/2012/hash/c399862d3b9d6b76c8436e924a68c45b-Abstract.html},
	editor       = {Peter L. Bartlett and Fernando C. N. Pereira and Christopher J. C. Burges and L{\'{e}}on Bottou and Kilian Q. Weinberger},
	timestamp    = {Mon, 16 May 2022 15:41:51 +0200},
	biburl       = {https://dblp.org/rec/conf/nips/KrizhevskySH12.bib},
	bibsource    = {dblp computer science bibliography, https://dblp.org}
}
@inproceedings{DBLP:conf/nips/MozerS88,
	title        = {Skeletonization: {A} Technique for Trimming the Fat from a Network via Relevance Assessment},
	author       = {Michael Mozer and Paul Smolensky},
	year         = 1988,
	booktitle    = {Advances in Neural Information Processing Systems 1, {[NIPS} Conference, Denver, Colorado, USA, 1988]},
	publisher    = {Morgan Kaufmann},
	pages        = {107--115},
	url          = {http://papers.nips.cc/paper/119-skeletonization-a-technique-for-trimming-the-fat-from-a-network-via-relevance-assessment},
	editor       = {David S. Touretzky},
	timestamp    = {Mon, 16 May 2022 15:41:51 +0200},
	biburl       = {https://dblp.org/rec/conf/nips/MozerS88.bib},
	bibsource    = {dblp computer science bibliography, https://dblp.org}
}
@inproceedings{DBLP:journals/corr/SimonyanZ14a,
	title        = {Very Deep Convolutional Networks for Large-Scale Image Recognition},
	author       = {Karen Simonyan and Andrew Zisserman},
	year         = 2015,
	booktitle    = {3rd International Conference on Learning Representations, {ICLR} 2015, San Diego, CA, USA, May 7-9, 2015, Conference Track Proceedings},
	url          = {http://arxiv.org/abs/1409.1556},
	editor       = {Yoshua Bengio and Yann LeCun},
	timestamp    = {Wed, 17 Jul 2019 10:40:54 +0200},
	biburl       = {https://dblp.org/rec/journals/corr/SimonyanZ14a.bib},
	bibsource    = {dblp computer science bibliography, https://dblp.org}
}
@article{DBLP:journals/tnn/Karnin90,
	title        = {A simple procedure for pruning back-propagation trained neural networks},
	author       = {Ehud D. Karnin},
	year         = 1990,
	journal      = {{IEEE} Trans. Neural Networks},
	volume       = 1,
	number       = 2,
	pages        = {239--242},
	doi          = {10.1109/72.80236},
	url          = {https://doi.org/10.1109/72.80236},
	timestamp    = {Wed, 14 Nov 2018 10:32:17 +0100},
	biburl       = {https://dblp.org/rec/journals/tnn/Karnin90.bib},
	bibsource    = {dblp computer science bibliography, https://dblp.org}
}
@article{janowsky1989pruning,
	title        = {Pruning versus clipping in neural networks},
	author       = {Janowsky, Steven A},
	year         = 1989,
	journal      = {Physical Review A},
	publisher    = {APS},
	volume       = 39,
	number       = 12,
	pages        = 6600
}
@article{rosenblatt1958perceptron,
	title        = {The perceptron: a probabilistic model for information storage and organization in the brain.},
	author       = {Rosenblatt, Frank},
	year         = 1958,
	journal      = {Psychological review},
	publisher    = {American Psychological Association},
	volume       = 65,
	number       = 6,
	pages        = 386
}
@inproceedings{DBLP:conf/nips/HanPTD15,
	title        = {Learning both Weights and Connections for Efficient Neural Network},
	author       = {Song Han and Jeff Pool and John Tran and William J. Dally},
	year         = 2015,
	booktitle    = {Advances in Neural Information Processing Systems 28: Annual Conference on Neural Information Processing Systems 2015, December 7-12, 2015, Montreal, Quebec, Canada},
	pages        = {1135--1143},
	url          = {https://proceedings.neurips.cc/paper/2015/hash/ae0eb3eed39d2bcef4622b2499a05fe6-Abstract.html},
	editor       = {Corinna Cortes and Neil D. Lawrence and Daniel D. Lee and Masashi Sugiyama and Roman Garnett},
	timestamp    = {Mon, 16 May 2022 15:41:51 +0200},
	biburl       = {https://dblp.org/rec/conf/nips/HanPTD15.bib},
	bibsource    = {dblp computer science bibliography, https://dblp.org}
}
@article{anwar2017structured,
	title        = {Structured pruning of deep convolutional neural networks},
	author       = {Anwar, Sajid and Hwang, Kyuyeon and Sung, Wonyong},
	year         = 2017,
	journal      = {ACM Journal on Emerging Technologies in Computing Systems (JETC)},
	publisher    = {ACM New York, NY, USA},
	volume       = 13,
	number       = 3,
	pages        = {1--18}
}
@inproceedings{DBLP:conf/iclr/0022KDSG17,
	title        = {Pruning Filters for Efficient ConvNets},
	author       = {Hao Li and Asim Kadav and Igor Durdanovic and Hanan Samet and Hans Peter Graf},
	year         = 2017,
	booktitle    = {5th International Conference on Learning Representations, {ICLR} 2017, Toulon, France, April 24-26, 2017, Conference Track Proceedings},
	publisher    = {OpenReview.net},
	url          = {https://openreview.net/forum?id=rJqFGTslg},
	timestamp    = {Thu, 25 Jul 2019 14:25:50 +0200},
	biburl       = {https://dblp.org/rec/conf/iclr/0022KDSG17.bib},
	bibsource    = {dblp computer science bibliography, https://dblp.org}
}
@inproceedings{DBLP:conf/iccv/LiuLSHYZ17,
	title        = {Learning Efficient Convolutional Networks through Network Slimming},
	author       = {Zhuang Liu and Jianguo Li and Zhiqiang Shen and Gao Huang and Shoumeng Yan and Changshui Zhang},
	year         = 2017,
	booktitle    = {{IEEE} International Conference on Computer Vision, {ICCV} 2017, Venice, Italy, October 22-29, 2017},
	publisher    = {{IEEE} Computer Society},
	pages        = {2755--2763},
	doi          = {10.1109/ICCV.2017.298},
	url          = {https://doi.org/10.1109/ICCV.2017.298},
	timestamp    = {Wed, 16 Oct 2019 14:14:51 +0200},
	biburl       = {https://dblp.org/rec/conf/iccv/LiuLSHYZ17.bib},
	bibsource    = {dblp computer science bibliography, https://dblp.org}
}
@inproceedings{DBLP:conf/icml/IoffeS15,
	title        = {Batch Normalization: Accelerating Deep Network Training by Reducing Internal Covariate Shift},
	author       = {Sergey Ioffe and Christian Szegedy},
	year         = 2015,
	booktitle    = {Proceedings of the 32nd International Conference on Machine Learning, {ICML} 2015, Lille, France, 6-11 July 2015},
	publisher    = {JMLR.org},
	series       = {{JMLR} Workshop and Conference Proceedings},
	volume       = 37,
	pages        = {448--456},
	url          = {http://proceedings.mlr.press/v37/ioffe15.html},
	editor       = {Francis R. Bach and David M. Blei},
	timestamp    = {Wed, 29 May 2019 08:41:45 +0200},
	biburl       = {https://dblp.org/rec/conf/icml/IoffeS15.bib},
	bibsource    = {dblp computer science bibliography, https://dblp.org}
}
@inproceedings{DBLP:conf/eccv/HeLLWLH18,
	title        = {{AMC:} AutoML for Model Compression and Acceleration on Mobile Devices},
	author       = {Yihui He and Ji Lin and Zhijian Liu and Hanrui Wang and Li{-}Jia Li and Song Han},
	year         = 2018,
	booktitle    = {Computer Vision - {ECCV} 2018 - 15th European Conference, Munich, Germany, September 8-14, 2018, Proceedings, Part {VII}},
	publisher    = {Springer},
	series       = {Lecture Notes in Computer Science},
	volume       = 11211,
	pages        = {815--832},
	doi          = {10.1007/978-3-030-01234-2\_48},
	url          = {https://doi.org/10.1007/978-3-030-01234-2\_48},
	editor       = {Vittorio Ferrari and Martial Hebert and Cristian Sminchisescu and Yair Weiss},
	timestamp    = {Sun, 02 Oct 2022 15:59:31 +0200},
	biburl       = {https://dblp.org/rec/conf/eccv/HeLLWLH18.bib},
	bibsource    = {dblp computer science bibliography, https://dblp.org}
}
@inproceedings{DBLP:conf/crv/RamakrishnanSN20,
	title        = {Differentiable Mask for Pruning Convolutional and Recurrent Networks},
	author       = {Ramchalam Kinattinkara Ramakrishnan and Eyy{\"{u}}b Sari and Vahid Partovi Nia},
	year         = 2020,
	booktitle    = {17th Conference on Computer and Robot Vision, {CRV} 2020, Ottawa, ON, Canada, May 13-15, 2020},
	publisher    = {{IEEE}},
	pages        = {222--229},
	doi          = {10.1109/CRV50864.2020.00037},
	url          = {https://doi.org/10.1109/CRV50864.2020.00037},
	timestamp    = {Mon, 29 Jun 2020 14:57:57 +0200},
	biburl       = {https://dblp.org/rec/conf/crv/RamakrishnanSN20.bib},
	bibsource    = {dblp computer science bibliography, https://dblp.org}
}
@inproceedings{DBLP:conf/icml/KangH20,
	title        = {Operation-Aware Soft Channel Pruning using Differentiable Masks},
	author       = {Minsoo Kang and Bohyung Han},
	year         = 2020,
	booktitle    = {Proceedings of the 37th International Conference on Machine Learning, {ICML} 2020, 13-18 July 2020, Virtual Event},
	publisher    = {{PMLR}},
	series       = {Proceedings of Machine Learning Research},
	volume       = 119,
	pages        = {5122--5131},
	url          = {http://proceedings.mlr.press/v119/kang20a.html},
	timestamp    = {Tue, 15 Dec 2020 17:40:19 +0100},
	biburl       = {https://dblp.org/rec/conf/icml/KangH20.bib},
	bibsource    = {dblp computer science bibliography, https://dblp.org}
}
@inproceedings{DBLP:conf/iclr/JangGP17,
	title        = {Categorical Reparameterization with Gumbel-Softmax},
	author       = {Eric Jang and Shixiang Gu and Ben Poole},
	year         = 2017,
	booktitle    = {5th International Conference on Learning Representations, {ICLR} 2017, Toulon, France, April 24-26, 2017, Conference Track Proceedings},
	publisher    = {OpenReview.net},
	url          = {https://openreview.net/forum?id=rkE3y85ee},
	timestamp    = {Thu, 25 Jul 2019 14:26:04 +0200},
	biburl       = {https://dblp.org/rec/conf/iclr/JangGP17.bib},
	bibsource    = {dblp computer science bibliography, https://dblp.org}
}
@inproceedings{DBLP:journals/corr/HanMD15,
	title        = {Deep Compression: Compressing Deep Neural Network with Pruning, Trained Quantization and Huffman Coding},
	author       = {Song Han and Huizi Mao and William J. Dally},
	year         = 2016,
	booktitle    = {4th International Conference on Learning Representations, {ICLR} 2016, San Juan, Puerto Rico, May 2-4, 2016, Conference Track Proceedings},
	url          = {http://arxiv.org/abs/1510.00149},
	editor       = {Yoshua Bengio and Yann LeCun},
	timestamp    = {Fri, 20 Nov 2020 16:16:06 +0100},
	biburl       = {https://dblp.org/rec/journals/corr/HanMD15.bib},
	bibsource    = {dblp computer science bibliography, https://dblp.org}
}
@inproceedings{DBLP:conf/iclr/LouizosWK18,
	title        = {Learning Sparse Neural Networks through L{\_}0 Regularization},
	author       = {Christos Louizos and Max Welling and Diederik P. Kingma},
	year         = 2018,
	booktitle    = {6th International Conference on Learning Representations, {ICLR} 2018, Vancouver, BC, Canada, April 30 - May 3, 2018, Conference Track Proceedings},
	publisher    = {OpenReview.net},
	url          = {https://openreview.net/forum?id=H1Y8hhg0b},
	timestamp    = {Thu, 25 Jul 2019 14:26:00 +0200},
	biburl       = {https://dblp.org/rec/conf/iclr/LouizosWK18.bib},
	bibsource    = {dblp computer science bibliography, https://dblp.org}
}
@inproceedings{DBLP:conf/icml/MolchanovAV17,
	title        = {Variational Dropout Sparsifies Deep Neural Networks},
	author       = {Dmitry Molchanov and Arsenii Ashukha and Dmitry P. Vetrov},
	year         = 2017,
	booktitle    = {Proceedings of the 34th International Conference on Machine Learning, {ICML} 2017, Sydney, NSW, Australia, 6-11 August 2017},
	publisher    = {{PMLR}},
	series       = {Proceedings of Machine Learning Research},
	volume       = 70,
	pages        = {2498--2507},
	url          = {http://proceedings.mlr.press/v70/molchanov17a.html},
	editor       = {Doina Precup and Yee Whye Teh},
	timestamp    = {Wed, 29 May 2019 08:41:45 +0200},
	biburl       = {https://dblp.org/rec/conf/icml/MolchanovAV17.bib},
	bibsource    = {dblp computer science bibliography, https://dblp.org}
}
@article{DBLP:journals/corr/abs-1207-0580,
	title        = {Improving neural networks by preventing co-adaptation of feature detectors},
	author       = {Geoffrey E. Hinton and Nitish Srivastava and Alex Krizhevsky and Ilya Sutskever and Ruslan Salakhutdinov},
	year         = 2012,
	journal      = {CoRR},
	volume       = {abs/1207.0580},
	url          = {http://arxiv.org/abs/1207.0580},
	eprinttype   = {arXiv},
	eprint       = {1207.0580},
	timestamp    = {Mon, 13 Aug 2018 16:46:10 +0200},
	biburl       = {https://dblp.org/rec/journals/corr/abs-1207-0580.bib},
	bibsource    = {dblp computer science bibliography, https://dblp.org}
}
@article{DBLP:journals/jmlr/SrivastavaHKSS14,
	title        = {Dropout: a simple way to prevent neural networks from overfitting},
	author       = {Nitish Srivastava and Geoffrey E. Hinton and Alex Krizhevsky and Ilya Sutskever and Ruslan Salakhutdinov},
	year         = 2014,
	journal      = {J. Mach. Learn. Res.},
	volume       = 15,
	number       = 1,
	pages        = {1929--1958},
	doi          = {10.5555/2627435.2670313},
	url          = {https://dl.acm.org/doi/10.5555/2627435.2670313},
	timestamp    = {Thu, 02 Jun 2022 13:58:57 +0200},
	biburl       = {https://dblp.org/rec/journals/jmlr/SrivastavaHKSS14.bib},
	bibsource    = {dblp computer science bibliography, https://dblp.org}
}
@inproceedings{DBLP:conf/iclr/FrankleC19,
	title        = {The Lottery Ticket Hypothesis: Finding Sparse, Trainable Neural Networks},
	author       = {Jonathan Frankle and Michael Carbin},
	year         = 2019,
	booktitle    = {7th International Conference on Learning Representations, {ICLR} 2019, New Orleans, LA, USA, May 6-9, 2019},
	publisher    = {OpenReview.net},
	url          = {https://openreview.net/forum?id=rJl-b3RcF7},
	timestamp    = {Thu, 25 Jul 2019 13:03:15 +0200},
	biburl       = {https://dblp.org/rec/conf/iclr/FrankleC19.bib},
	bibsource    = {dblp computer science bibliography, https://dblp.org}
}
@article{rumelhart1986learning,
	title        = {Learning representations by back-propagating errors},
	author       = {Rumelhart, David E and Hinton, Geoffrey E and Williams, Ronald J},
	year         = 1986,
	journal      = {nature},
	publisher    = {Nature Publishing Group UK London},
	volume       = 323,
	number       = 6088,
	pages        = {533--536}
}
@techreport{rumelhart1985learning,
	title        = {Learning internal representations by error propagation},
	author       = {Rumelhart, David E and Hinton, Geoffrey E and Williams, Ronald J},
	year         = 1985,
	institution  = {California Univ San Diego La Jolla Inst for Cognitive Science}
}
@article{DBLP:journals/corr/abs-2202-12002,
	title        = {Rare Gems: Finding Lottery Tickets at Initialization},
	author       = {Kartik Sreenivasan and Jy{-}yong Sohn and Liu Yang and Matthew Grinde and Alliot Nagle and Hongyi Wang and Kangwook Lee and Dimitris S. Papailiopoulos},
	year         = 2022,
	journal      = {CoRR},
	volume       = {abs/2202.12002},
	url          = {https://arxiv.org/abs/2202.12002},
	eprinttype   = {arXiv},
	eprint       = {2202.12002},
	timestamp    = {Wed, 02 Mar 2022 16:35:04 +0100},
	biburl       = {https://dblp.org/rec/journals/corr/abs-2202-12002.bib},
	bibsource    = {dblp computer science bibliography, https://dblp.org}
}
@misc{CIFARdataset,
	title        = {CIFAR10 and CIFAR100 Datasets},
	author       = {Canadian Institute For Advanced Research},
	howpublished = {\url{https://www.cs.toronto.edu/~kriz/cifar.html}},
	year		 = 2009,
}
@article{TinyImageNet,
	title        = {Tiny ImageNet Visual Recognition Challenge},
	author       = {Ya Le and Xuan S. Yang},
	year         = 2015,
	journal      = {.}
}
@article{DBLP:journals/ijcv/RussakovskyDSKS15,
	title        = {ImageNet Large Scale Visual Recognition Challenge},
	author       = {Olga Russakovsky and Jia Deng and Hao Su and Jonathan Krause and Sanjeev Satheesh and Sean Ma and Zhiheng Huang and Andrej Karpathy and Aditya Khosla and Michael S. Bernstein and Alexander C. Berg and Li Fei{-}Fei},
	year         = 2015,
	journal      = {Int. J. Comput. Vis.},
	volume       = 115,
	number       = 3,
	pages        = {211--252},
	doi          = {10.1007/s11263-015-0816-y},
	url          = {https://doi.org/10.1007/s11263-015-0816-y},
	timestamp    = {Tue, 10 Jan 2023 08:57:16 +0100},
	biburl       = {https://dblp.org/rec/journals/ijcv/RussakovskyDSKS15.bib},
	bibsource    = {dblp computer science bibliography, https://dblp.org}
}
@inproceedings{DBLP:conf/icip/DupontSM21,
	title        = {Weight Reparametrization for Budget-Aware Network Pruning},
	author       = {Robin Dupont and Hichem Sahbi and Guillaume Michel},
	year         = 2021,
	booktitle    = {2021 {IEEE} International Conference on Image Processing, {ICIP} 2021, Anchorage, AK, USA, September 19-22, 2021},
	publisher    = {{IEEE}},
	pages        = {789--793},
	doi          = {10.1109/ICIP42928.2021.9506265},
	url          = {https://doi.org/10.1109/ICIP42928.2021.9506265},
	timestamp    = {Thu, 03 Feb 2022 10:43:07 +0100},
	biburl       = {https://dblp.org/rec/conf/icip/DupontSM21.bib},
	bibsource    = {dblp computer science bibliography, https://dblp.org}
}

@article{DBLP:journals/corr/HannunCCCDEPSSCN14,
  author       = {Awni Y. Hannun and
                  Carl Case and
                  Jared Casper and
                  Bryan Catanzaro and
                  Greg Diamos and
                  Erich Elsen and
                  Ryan Prenger and
                  Sanjeev Satheesh and
                  Shubho Sengupta and
                  Adam Coates and
                  Andrew Y. Ng},
  title        = {Deep Speech: Scaling up end-to-end speech recognition},
  journal      = {CoRR},
  volume       = {abs/1412.5567},
  year         = {2014},
  url          = {http://arxiv.org/abs/1412.5567},
  eprinttype    = {arXiv},
  eprint       = {1412.5567},
  timestamp    = {Mon, 23 Jan 2023 22:09:26 +0100},
  biburl       = {https://dblp.org/rec/journals/corr/HannunCCCDEPSSCN14.bib},
  bibsource    = {dblp computer science bibliography, https://dblp.org}
}

@inproceedings{DBLP:conf/icassp/ChanJLV16,
  author       = {William Chan and
                  Navdeep Jaitly and
                  Quoc V. Le and
                  Oriol Vinyals},
  title        = {Listen, attend and spell: {A} neural network for large vocabulary
                  conversational speech recognition},
  booktitle    = {2016 {IEEE} International Conference on Acoustics, Speech and Signal
                  Processing, {ICASSP} 2016, Shanghai, China, March 20-25, 2016},
  pages        = {4960--4964},
  publisher    = {{IEEE}},
  year         = {2016},
  url          = {https://doi.org/10.1109/ICASSP.2016.7472621},
  doi          = {10.1109/ICASSP.2016.7472621},
  timestamp    = {Wed, 16 Oct 2019 14:14:52 +0200},
  biburl       = {https://dblp.org/rec/conf/icassp/ChanJLV16.bib},
  bibsource    = {dblp computer science bibliography, https://dblp.org}
}

@inproceedings{DBLP:conf/icml/AmodeiABCCCCCCD16,
  author       = {Dario Amodei and
                  Sundaram Ananthanarayanan and
                  Rishita Anubhai and
                  Jingliang Bai and
                  Eric Battenberg and
                  Carl Case and
                  Jared Casper and
                  Bryan Catanzaro and
                  Jingdong Chen and
                  Mike Chrzanowski and
                  Adam Coates and
                  Greg Diamos and
                  Erich Elsen and
                  Jesse H. Engel and
                  Linxi Fan and
                  Christopher Fougner and
                  Awni Y. Hannun and
                  Billy Jun and
                  Tony Han and
                  Patrick LeGresley and
                  Xiangang Li and
                  Libby Lin and
                  Sharan Narang and
                  Andrew Y. Ng and
                  Sherjil Ozair and
                  Ryan Prenger and
                  Sheng Qian and
                  Jonathan Raiman and
                  Sanjeev Satheesh and
                  David Seetapun and
                  Shubho Sengupta and
                  Chong Wang and
                  Yi Wang and
                  Zhiqian Wang and
                  Bo Xiao and
                  Yan Xie and
                  Dani Yogatama and
                  Jun Zhan and
                  Zhenyao Zhu},
  editor       = {Maria{-}Florina Balcan and
                  Kilian Q. Weinberger},
  title        = {Deep Speech 2 : End-to-End Speech Recognition in English and Mandarin},
  booktitle    = {Proceedings of the 33nd International Conference on Machine Learning,
                  {ICML} 2016, New York City, NY, USA, June 19-24, 2016},
  series       = {{JMLR} Workshop and Conference Proceedings},
  volume       = {48},
  pages        = {173--182},
  publisher    = {JMLR.org},
  year         = {2016},
  url          = {http://proceedings.mlr.press/v48/amodei16.html},
  timestamp    = {Mon, 23 Jan 2023 22:09:26 +0100},
  biburl       = {https://dblp.org/rec/conf/icml/AmodeiABCCCCCCD16.bib},
  bibsource    = {dblp computer science bibliography, https://dblp.org}
}

@inproceedings{DBLP:conf/nips/VaswaniSPUJGKP17,
  author       = {Ashish Vaswani and
                  Noam Shazeer and
                  Niki Parmar and
                  Jakob Uszkoreit and
                  Llion Jones and
                  Aidan N. Gomez and
                  Lukasz Kaiser and
                  Illia Polosukhin},
  editor       = {Isabelle Guyon and
                  Ulrike von Luxburg and
                  Samy Bengio and
                  Hanna M. Wallach and
                  Rob Fergus and
                  S. V. N. Vishwanathan and
                  Roman Garnett},
  title        = {Attention is All you Need},
  booktitle    = {Advances in Neural Information Processing Systems 30: Annual Conference
                  on Neural Information Processing Systems 2017, December 4-9, 2017,
                  Long Beach, CA, {USA}},
  pages        = {5998--6008},
  year         = {2017},
  url          = {https://proceedings.neurips.cc/paper/2017/hash/3f5ee243547dee91fbd053c1c4a845aa-Abstract.html},
  timestamp    = {Thu, 21 Jan 2021 15:15:21 +0100},
  biburl       = {https://dblp.org/rec/conf/nips/VaswaniSPUJGKP17.bib},
  bibsource    = {dblp computer science bibliography, https://dblp.org}
}

@inproceedings{DBLP:conf/naacl/DevlinCLT19,
  author       = {Jacob Devlin and
                  Ming{-}Wei Chang and
                  Kenton Lee and
                  Kristina Toutanova},
  editor       = {Jill Burstein and
                  Christy Doran and
                  Thamar Solorio},
  title        = {{BERT:} Pre-training of Deep Bidirectional Transformers for Language
                  Understanding},
  booktitle    = {Proceedings of the 2019 Conference of the North American Chapter of
                  the Association for Computational Linguistics: Human Language Technologies,
                  {NAACL-HLT} 2019, Minneapolis, MN, USA, June 2-7, 2019, Volume 1 (Long
                  and Short Papers)},
  pages        = {4171--4186},
  publisher    = {Association for Computational Linguistics},
  year         = {2019},
  url          = {https://doi.org/10.18653/v1/n19-1423},
  doi          = {10.18653/v1/n19-1423},
  timestamp    = {Mon, 26 Sep 2022 12:21:55 +0200},
  biburl       = {https://dblp.org/rec/conf/naacl/DevlinCLT19.bib},
  bibsource    = {dblp computer science bibliography, https://dblp.org}
}

download as .bib file

@inproceedings{DBLP:conf/emnlp/BudzianowskiV19,
  author       = {Pawel Budzianowski and
                  Ivan Vulic},
  editor       = {Alexandra Birch and
                  Andrew M. Finch and
                  Hiroaki Hayashi and
                  Ioannis Konstas and
                  Thang Luong and
                  Graham Neubig and
                  Yusuke Oda and
                  Katsuhito Sudoh},
  title        = {Hello, It's {GPT-2} - How Can {I} Help You? Towards the Use of Pretrained
                  Language Models for Task-Oriented Dialogue Systems},
  booktitle    = {Proceedings of the 3rd Workshop on Neural Generation and Translation@EMNLP-IJCNLP
                  2019, Hong Kong, November 4, 2019},
  pages        = {15--22},
  publisher    = {Association for Computational Linguistics},
  year         = {2019},
  url          = {https://doi.org/10.18653/v1/D19-5602},
  doi          = {10.18653/v1/D19-5602},
  timestamp    = {Thu, 05 Aug 2021 17:36:17 +0200},
  biburl       = {https://dblp.org/rec/conf/emnlp/BudzianowskiV19.bib},
  bibsource    = {dblp computer science bibliography, https://dblp.org}
}

@inproceedings{DBLP:conf/cvpr/RedmonDGF16,
  author       = {Joseph Redmon and
                  Santosh Kumar Divvala and
                  Ross B. Girshick and
                  Ali Farhadi},
  title        = {You Only Look Once: Unified, Real-Time Object Detection},
  booktitle    = {2016 {IEEE} Conference on Computer Vision and Pattern Recognition,
                  {CVPR} 2016, Las Vegas, NV, USA, June 27-30, 2016},
  pages        = {779--788},
  publisher    = {{IEEE} Computer Society},
  year         = {2016},
  url          = {https://doi.org/10.1109/CVPR.2016.91},
  doi          = {10.1109/CVPR.2016.91},
  timestamp    = {Fri, 24 Mar 2023 00:03:00 +0100},
  biburl       = {https://dblp.org/rec/conf/cvpr/RedmonDGF16.bib},
  bibsource    = {dblp computer science bibliography, https://dblp.org}
}

@inproceedings{DBLP:conf/nips/RenHGS15,
  author       = {Shaoqing Ren and
                  Kaiming He and
                  Ross B. Girshick and
                  Jian Sun},
  editor       = {Corinna Cortes and
                  Neil D. Lawrence and
                  Daniel D. Lee and
                  Masashi Sugiyama and
                  Roman Garnett},
  title        = {Faster {R-CNN:} Towards Real-Time Object Detection with Region Proposal
                  Networks},
  booktitle    = {Advances in Neural Information Processing Systems 28: Annual Conference
                  on Neural Information Processing Systems 2015, December 7-12, 2015,
                  Montreal, Quebec, Canada},
  pages        = {91--99},
  year         = {2015},
  url          = {https://proceedings.neurips.cc/paper/2015/hash/14bfa6bb14875e45bba028a21ed38046-Abstract.html},
  timestamp    = {Mon, 16 May 2022 15:41:51 +0200},
  biburl       = {https://dblp.org/rec/conf/nips/RenHGS15.bib},
  bibsource    = {dblp computer science bibliography, https://dblp.org}
}

@inproceedings{DBLP:conf/eccv/LiuAESRFB16,
  author       = {Wei Liu and
                  Dragomir Anguelov and
                  Dumitru Erhan and
                  Christian Szegedy and
                  Scott E. Reed and
                  Cheng{-}Yang Fu and
                  Alexander C. Berg},
  editor       = {Bastian Leibe and
                  Jiri Matas and
                  Nicu Sebe and
                  Max Welling},
  title        = {{SSD:} Single Shot MultiBox Detector},
  booktitle    = {Computer Vision - {ECCV} 2016 - 14th European Conference, Amsterdam,
                  The Netherlands, October 11-14, 2016, Proceedings, Part {I}},
  series       = {Lecture Notes in Computer Science},
  volume       = {9905},
  pages        = {21--37},
  publisher    = {Springer},
  year         = {2016},
  url          = {https://doi.org/10.1007/978-3-319-46448-0\_2},
  doi          = {10.1007/978-3-319-46448-0\_2},
  timestamp    = {Wed, 07 Dec 2022 23:10:23 +0100},
  biburl       = {https://dblp.org/rec/conf/eccv/LiuAESRFB16.bib},
  bibsource    = {dblp computer science bibliography, https://dblp.org}
}

@article{kuutti2020survey,
  title={A survey of deep learning applications to autonomous vehicle control},
  author={Kuutti, Sampo and Bowden, Richard and Jin, Yaochu and Barber, Phil and Fallah, Saber},
  journal={IEEE Transactions on Intelligent Transportation Systems},
  volume={22},
  number={2},
  pages={712--733},
  year={2020},
  publisher={IEEE}
}

@inproceedings{kim2020review,
  title={A review of on-device fully neural end-to-end automatic speech recognition algorithms},
  author={Kim, Chanwoo and Gowda, Dhananjaya and Lee, Dongsoo and Kim, Jiyeon and Kumar, Ankur and Kim, Sungsoo and Garg, Abhinav and Han, Changwoo},
  booktitle={2020 54th Asilomar Conference on Signals, Systems, and Computers},
  pages={277--283},
  year={2020},
  organization={IEEE}
}

@inproceedings{mcgraw2016personalized,
  title={Personalized speech recognition on mobile devices},
  author={McGraw, Ian and Prabhavalkar, Rohit and Alvarez, Raziel and Arenas, Montse Gonzalez and Rao, Kanishka and Rybach, David and Alsharif, Ouais and Sak, Ha{\c{s}}im and Gruenstein, Alexander and Beaufays, Fran{\c{c}}oise and others},
  booktitle={2016 IEEE International Conference on Acoustics, Speech and Signal Processing (ICASSP)},
  pages={5955--5959},
  year={2016},
  organization={IEEE}
}

@inproceedings{arik2017deep,
  title={Deep voice: Real-time neural text-to-speech},
  author={Ar{\i}k, Sercan {\"O} and Chrzanowski, Mike and Coates, Adam and Diamos, Gregory and Gibiansky, Andrew and Kang, Yongguo and Li, Xian and Miller, John and Ng, Andrew and Raiman, Jonathan and others},
  booktitle={International conference on machine learning},
  pages={195--204},
  year={2017},
  organization={PMLR}
}

@article{ren2019fastspeech,
  title={Fastspeech: Fast, robust and controllable text to speech},
  author={Ren, Yi and Ruan, Yangjun and Tan, Xu and Qin, Tao and Zhao, Sheng and Zhao, Zhou and Liu, Tie-Yan},
  journal={Advances in neural information processing systems},
  volume={32},
  year={2019}
}

# =============================== Refs chapitre 2

@inproceedings{DBLP:conf/nips/ZhouLLY19,
	title        = {Deconstructing Lottery Tickets: Zeros, Signs, and the Supermask},
	author       = {H. Zhou and J. Lan and R. Liu and J. Yosinski},
	year         = 2019,
	booktitle    = {NeurIPS}
}
@article{DBLP:journals/corr/BengioLC13,
	title        = {Estimating or Propagating Gradients Through Stochastic Neurons for Conditional Computation},
	author       = {Y. Bengio and N. L{\'{e}}onard and A. C. Courville},
	year         = 2013,
	journal      = {CoRR},
	volume       = {abs/1308.3432}
}
@inproceedings{DBLP:conf/cvpr/RamanujanWKFR20,
	title        = {What's Hidden in a Randomly Weighted Neural Network?},
	author       = {V. Ramanujan and M. Wortsman and A. Kembhavi and A. Farhadi and M. Rastegari},
	year         = 2020,
	booktitle    = {{CVPR}}
}
@inproceedings{DBLP:conf/iclr/LeeAT19,
	title        = {Snip: single-Shot Network Pruning based on Connection sensitivity},
	author       = {N. Lee and T. Ajanthan and P. H. S. Torr},
	year         = 2019,
	booktitle    = {{ICLR}}
}
@inproceedings{DBLP:conf/iclr/WangZG20,
	title        = {Picking Winning Tickets Before Training by Preserving Gradient Flow},
	author       = {C. Wang and G. Zhang and R. B. Grosse},
	year         = 2020,
	booktitle    = {{ICLR}}
}
@inproceedings{DBLP:conf/nips/TanakaKYG20,
	title        = {Pruning neural networks without any data by iteratively conserving synaptic flow},
	author       = {H. Tanaka and D. Kunin and D. L. Yamins and S. Ganguli},
	year         = 2020,
	booktitle    = {NeurIPS}
}
azerazeaze()()()azee
@inproceedings{DBLP:conf/iclr/LiuSZHD19,
	title        = {Rethinking the Value of Network Pruning},
	author       = {Z. Liu and M. Sun and T. Zhou and G. Huang and T. Darrell},
	year         = 2019,
	booktitle    = {{ICLR}},
	url          = {https://openreview.net/forum?id=rJlnB3C5Ym},
	timestamp    = {Thu, 25 Jul 2019 14:25:43 +0200},
	biburl       = {https://dblp.org/rec/conf/iclr/LiuSZHD19.bib},
	bibsource    = {dblp computer science bibliography, https://dblp.org}
}
@inproceedings{DBLP:conf/cvpr/HuangLMW18,
	title        = {CondenseNet: An Efficient DenseNet Using Learned Group Convolutions},
	author       = {G. Huang and S. Liu and L. van der Maaten and K. Q. Weinberger},
	year         = 2018,
	booktitle    = {{CVPR}},
	doi          = {10.1109/CVPR.2018.00291},
	url          = {http://openaccess.thecvf.com/content\_cvpr\_2018/html/Huang\_CondenseNet\_An\_Efficient\_CVPR\_2018\_paper.html},
	timestamp    = {Tue, 31 Aug 2021 14:00:32 +0200},
	biburl       = {https://dblp.org/rec/conf/cvpr/HuangLMW18.bib},
	bibsource    = {dblp computer science bibliography, https://dblp.org}
}
@inproceedings{DBLP:conf/cvpr/SandlerHZZC18,
	title        = {MobileNetV2: Inverted Residuals and Linear Bottlenecks},
	author       = {M. Sandler and A. G. Howard and M. Zhu and A. Zhmoginov and L.{-}C. Chen},
	year         = 2018,
	booktitle    = {{CVPR}},
	doi          = {10.1109/CVPR.2018.00474},
	url          = {http://openaccess.thecvf.com/content\_cvpr\_2018/html/Sandler\_MobileNetV2\_Inverted\_Residuals\_CVPR\_2018\_paper.html},
	timestamp    = {Tue, 31 Aug 2021 14:00:32 +0200},
	biburl       = {https://dblp.org/rec/conf/cvpr/SandlerHZZC18.bib},
	bibsource    = {dblp computer science bibliography, https://dblp.org}
}
@article{DBLP:journals/corr/HowardZCKWWAA17,
	title        = {MobileNets: Efficient Convolutional Neural Networks for Mobile Vision Applications},
	author       = {A. G. Howard and M. Zhu and B. Chen and D. Kalenichenko and W. Wang and T. Weyand and M. Andreetto and H. Adam},
	year         = 2017,
	journal      = {CoRR},
	volume       = {abs/1704.04861},
	url          = {http://arxiv.org/abs/1704.04861},
	eprinttype   = {arXiv},
	eprint       = {1704.04861},
	timestamp    = {Thu, 27 May 2021 16:20:51 +0200},
	biburl       = {https://dblp.org/rec/journals/corr/HowardZCKWWAA17.bib},
	bibsource    = {dblp computer science bibliography, https://dblp.org}
}
@inproceedings{DBLP:conf/icml/TanL19,
	title        = {EfficientNet: Rethinking Model Scaling for Convolutional Neural Networks},
	author       = {M. Tan and Q. V. Le},
	year         = 2019,
	booktitle    = {{ICML}},
	publisher    = {{PMLR}},
	series       = {Proceedings of Machine Learning Research},
	volume       = 97,
	url          = {http://proceedings.mlr.press/v97/tan19a.html},
	timestamp    = {Tue, 11 Jun 2019 15:37:38 +0200},
	biburl       = {https://dblp.org/rec/conf/icml/TanL19.bib},
	bibsource    = {dblp computer science bibliography, https://dblp.org}
}
@article{DBLP:journals/corr/HintonVD15,
	title        = {Distilling the Knowledge in a Neural Network},
	author       = {G. E. Hinton and O. Vinyals and J. Dean},
	year         = 2015,
	journal      = {CoRR},
	volume       = {abs/1503.02531},
	url          = {http://arxiv.org/abs/1503.02531},
	eprinttype   = {arXiv},
	eprint       = {1503.02531},
	timestamp    = {Mon, 13 Aug 2018 16:48:36 +0200},
	biburl       = {https://dblp.org/rec/journals/corr/HintonVD15.bib},
	bibsource    = {dblp computer science bibliography, https://dblp.org}
}
@inproceedings{DBLP:conf/iclr/ZagoruykoK17,
	title        = {Paying More Attention to Attention: Improving the Performance of Convolutional Neural Networks via Attention Transfer},
	author       = {S. Zagoruyko and N. Komodakis},
	year         = 2017,
	booktitle    = {{ICLR}},
	url          = {https://openreview.net/forum?id=Sks9\_ajex},
	timestamp    = {Thu, 25 Jul 2019 14:25:41 +0200},
	biburl       = {https://dblp.org/rec/conf/iclr/ZagoruykoK17.bib},
	bibsource    = {dblp computer science bibliography, https://dblp.org}
}
@inproceedings{DBLP:journals/corr/RomeroBKCGB14,
	title        = {FitNets: Hints for Thin Deep Nets},
	author       = {A. Romero and N. Ballas and S. Ebrahimi Kahou and A. Chassang and C. Gatta and Y. Bengio},
	year         = 2015,
	booktitle    = {{ICLR}},
	url          = {http://arxiv.org/abs/1412.6550},
	timestamp    = {Thu, 25 Jul 2019 14:25:38 +0200},
	biburl       = {https://dblp.org/rec/journals/corr/RomeroBKCGB14.bib},
	bibsource    = {dblp computer science bibliography, https://dblp.org}
}
@inproceedings{DBLP:conf/aaai/MirzadehFLLMG20,
	title        = {Improved Knowledge Distillation via Teacher Assistant},
	author       = {S.{-}I. Mirzadeh and M. Farajtabar and A. Li and N. Levine and A. Matsukawa and H. Ghasemzadeh},
	year         = 2020,
	booktitle    = {{AAAI}},
	url          = {https://aaai.org/ojs/index.php/AAAI/article/view/5963},
	timestamp    = {Tue, 02 Feb 2021 07:59:45 +0100},
	biburl       = {https://dblp.org/rec/conf/aaai/MirzadehFLLMG20.bib},
	bibsource    = {dblp computer science bibliography, https://dblp.org}
}
@inproceedings{DBLP:conf/cvpr/ZhangXHL18,
	title        = {Deep Mutual Learning},
	author       = {Y. Zhang and T. Xiang and T. M. Hospedales and H. Lu},
	year         = 2018,
	booktitle    = {{CVPR}},
	doi          = {10.1109/CVPR.2018.00454},
	url          = {http://openaccess.thecvf.com/content\_cvpr\_2018/html/Zhang\_Deep\_Mutual\_Learning\_CVPR\_2018\_paper.html},
	timestamp    = {Tue, 31 Aug 2021 14:00:32 +0200},
	biburl       = {https://dblp.org/rec/conf/cvpr/ZhangXHL18.bib},
	bibsource    = {dblp computer science bibliography, https://dblp.org}
}
@inproceedings{DBLP:conf/cvpr/AhnHDLD19,
	title        = {Variational Information Distillation for Knowledge Transfer},
	author       = {S. Ahn and S. X. Hu and A. C. Damianou and N. D. Lawrence and Z. Dai},
	year         = 2019,
	booktitle    = {{CVPR}},
	doi          = {10.1109/CVPR.2019.00938},
	url          = {http://openaccess.thecvf.com/content\_CVPR\_2019/html/Ahn\_Variational\_Information\_Distillation\_for\_Knowledge\_Transfer\_CVPR\_2019\_paper.html},
	timestamp    = {Mon, 30 Aug 2021 17:01:14 +0200},
	biburl       = {https://dblp.org/rec/conf/cvpr/AhnHDLD19.bib},
	bibsource    = {dblp computer science bibliography, https://dblp.org}
}
@inproceedings{DBLP:conf/icml/MalachYSS20,
	title        = {Proving the Lottery Ticket Hypothesis: Pruning is All You Need},
	author       = {E. Malach and G. Yehudai and S. Shalev{-}Shwartz and O. Shamir},
	year         = 2020,
	booktitle    = {{ICML}},
	url          = {http://proceedings.mlr.press/v119/malach20a.html},
	timestamp    = {Tue, 15 Dec 2020 17:40:19 +0100},
	biburl       = {https://dblp.org/rec/conf/icml/MalachYSS20.bib},
	bibsource    = {dblp computer science bibliography, https://dblp.org}
}
@inproceedings{DBLP:conf/nips/PensiaRNVP20,
	title        = {Optimal Lottery Tickets via Subset Sum: Logarithmic Over-Parameterization is Sufficient},
	author       = {A. Pensia and S. Rajput and A. Nagle and H. Vishwakarma and D. S. Papailiopoulos},
	year         = 2020,
	booktitle    = {NeurIPS 2020},
	url          = {https://proceedings.neurips.cc/paper/2020/hash/1b742ae215adf18b75449c6e272fd92d-Abstract.html},
	timestamp    = {Tue, 19 Jan 2021 15:57:18 +0100},
	biburl       = {https://dblp.org/rec/conf/nips/PensiaRNVP20.bib},
	bibsource    = {dblp computer science bibliography, https://dblp.org}
}
@inproceedings{DBLP:conf/nips/OrseauHR20,
	title        = {Logarithmic Pruning is All You Need},
	author       = {L. Orseau and M. Hutter and O. Rivasplata},
	year         = 2020,
	booktitle    = {NeurIPS 2020},
	url          = {https://proceedings.neurips.cc/paper/2020/hash/1e9491470749d5b0e361ce4f0b24d037-Abstract.html},
	timestamp    = {Tue, 19 Jan 2021 15:57:46 +0100},
	biburl       = {https://dblp.org/rec/conf/nips/OrseauHR20.bib},
	bibsource    = {dblp computer science bibliography, https://dblp.org}
}
@inproceedings{DBLP:conf/iclr/LoshchilovH17,
	title        = {{SGDR:} Stochastic Gradient Descent with Warm Restarts},
	author       = {I. Loshchilov and F. Hutter},
	year         = 2017,
	booktitle    = {{ICLR} (Poster)}
}
@inproceedings{DBLP:conf/iccv/HeZRS15,
	title        = {Delving Deep into Rectifiers: Surpassing Human-Level Performance on ImageNet Classification},
	author       = {K. He and X. Zhang and S. Ren and J. Sun},
	year         = 2015,
	booktitle    = {{ICCV}}
}
@misc{Dupont2022,
	title        = {{ASLP - Our implementation}},
	author       = {R. Dupont},
	year         = 2022,
	journal      = {GitHub repository},
	publisher    = {GitHub},
	howpublished = {\url{https://github.com/N0ciple/ASLP}}
}

@article{DBLP:journals/corr/IandolaMAHDK16,
  author    = {Forrest N. Iandola and
               Matthew W. Moskewicz and
               Khalid Ashraf and
               Song Han and
               William J. Dally and
               Kurt Keutzer},
  title     = {SqueezeNet: AlexNet-level accuracy with 50x fewer parameters and {\textless}1MB
               model size},
  journal   = {CoRR},
  volume    = {abs/1602.07360},
  year      = {2016},
  url       = {http://arxiv.org/abs/1602.07360},
  eprinttype = {arXiv},
  eprint    = {1602.07360},
  timestamp = {Fri, 20 Nov 2020 16:16:06 +0100},
  biburl    = {https://dblp.org/rec/journals/corr/IandolaMAHDK16.bib},
  bibsource = {dblp computer science bibliography, https://dblp.org}
}

@article{howard2017mobilenets,
  title={Mobilenets: Efficient convolutional neural networks for mobile vision applications},
  author={Howard, Andrew G and Zhu, Menglong and Chen, Bo and Kalenichenko, Dmitry and Wang, Weijun and Weyand, Tobias and Andreetto, Marco and Adam, Hartwig},
  journal={arXiv preprint arXiv:1704.04861},
  year={2017}
}
@INPROCEEDINGS{ZhangShuffleNet,
  author={Zhang, Xiangyu and Zhou, Xinyu and Lin, Mengxiao and Sun, Jian},
  booktitle={2018 IEEE/CVF Conference on Computer Vision and Pattern Recognition}, 
  title={ShuffleNet: An Extremely Efficient Convolutional Neural Network for Mobile Devices}, 
  year={2018},
  volume={},
  number={},
  pages={6848-6856},
  doi={10.1109/CVPR.2018.00716}
}

@INPROCEEDINGS{DongMobileNetV2,
	author={Dong, Ke and Zhou, Chengjie and Ruan, Yihan and Li, Yuzhi},
	booktitle={2020 2nd International Conference on Information Technology and Computer Application (ITCA)}, 
	title={MobileNetV2 Model for Image Classification}, 
	year={2020},
	volume={},
	number={},
	pages={476-480},
	doi={10.1109/ITCA52113.2020.00106}
}

@InProceedings{MaShuffleNetV2,
	author="Ma, Ningning
	and Zhang, Xiangyu
	and Zheng, Hai-Tao
	and Sun, Jian",
	editor="Ferrari, Vittorio
	and Hebert, Martial
	and Sminchisescu, Cristian
	and Weiss, Yair",
	title="ShuffleNet V2: Practical Guidelines for Efficient CNN Architecture Design",
	booktitle="Computer Vision -- ECCV 2018",
	year="2018",
	publisher="Springer International Publishing",
	address="Cham",
	pages="122--138",
	isbn="978-3-030-01264-9"
}

@inproceedings{huang2018condensenet,
  title={Condensenet: An efficient densenet using learned group convolutions},
  author={Huang, Gao and Liu, Shichen and Van der Maaten, Laurens and Weinberger, Kilian Q},
  booktitle={Proceedings of the IEEE Conference on Computer Vision and Pattern Recognition},
  pages={2752--2761},
  year={2018}
}

@inproceedings{huang2017densely,
  title={Densely connected convolutional networks},
  author={Huang, Gao and Liu, Zhuang and Van Der Maaten, Laurens and Weinberger, Kilian Q},
  booktitle={Proceedings of the IEEE conference on computer vision and pattern recognition},
  pages={4700--4708},
  year={2017}
}

@inproceedings{DBLP:conf/nips/PaszkeGMLBCKLGA19,
  author    = {Adam Paszke and
               Sam Gross and
               Francisco Massa and
               Adam Lerer and
               James Bradbury and
               Gregory Chanan and
               Trevor Killeen and
               Zeming Lin and
               Natalia Gimelshein and
               Luca Antiga and
               Alban Desmaison and
               Andreas K{\"{o}}pf and
               Edward Z. Yang and
               Zachary DeVito and
               Martin Raison and
               Alykhan Tejani and
               Sasank Chilamkurthy and
               Benoit Steiner and
               Lu Fang and
               Junjie Bai and
               Soumith Chintala},
  editor    = {Hanna M. Wallach and
               Hugo Larochelle and
               Alina Beygelzimer and
               Florence d'Alch{\'{e}}{-}Buc and
               Emily B. Fox and
               Roman Garnett},
  title     = {PyTorch: An Imperative Style, High-Performance Deep Learning Library},
  booktitle = {Advances in Neural Information Processing Systems 32: Annual Conference
               on Neural Information Processing Systems 2019, NeurIPS 2019, December
               8-14, 2019, Vancouver, BC, Canada},
  pages     = {8024--8035},
  year      = {2019},
  url       = {https://proceedings.neurips.cc/paper/2019/hash/bdbca288fee7f92f2bfa9f7012727740-Abstract.html},
  timestamp = {Mon, 16 May 2022 15:41:51 +0200},
  biburl    = {https://dblp.org/rec/conf/nips/PaszkeGMLBCKLGA19.bib},
  bibsource = {dblp computer science bibliography, https://dblp.org}
},

@misc{pytorch_resnet18,
  author = {Pytorch},
  title = {ResNet-18 implementation},
  year = {2023},
  howpublished = {Software},
  publisher = {Github},
  url = {https://github.com/pytorch/vision/blob/main/torchvision/models/resnet.py}
},

@inproceedings{deng2009imagenet,
  title={Imagenet: A large-scale hierarchical image database},
  author={Deng, Jia and Dong, Wei and Socher, Richard and Li, Li-Jia and Li, Kai and Fei-Fei, Li},
  booktitle={2009 IEEE conference on computer vision and pattern recognition},
  pages={248--255},
  year={2009},
  organization={Ieee}
},

@inproceedings{DBLP:conf/icip/DupontASL22,
  author    = {Robin Dupont and
               Mohammed Amine Alaoui and
               Hichem Sahbi and
               Alice Lebois},
  title     = {Extracting Effective Subnetworks with Gumbel-Softmax},
  booktitle = {2022 {IEEE} International Conference on Image Processing, {ICIP} 2022,
               Bordeaux, France, 16-19 October 2022},
  pages     = {931--935},
  publisher = {{IEEE}},
  year      = {2022},
  url       = {https://doi.org/10.1109/ICIP46576.2022.9897718},
  doi       = {10.1109/ICIP46576.2022.9897718},
  timestamp = {Fri, 03 Feb 2023 18:12:29 +0100},
  biburl    = {https://dblp.org/rec/conf/icip/DupontASL22.bib},
  bibsource = {dblp computer science bibliography, https://dblp.org}
},